<?xml version="1.0" encoding="UTF-8"?><record xmlns="http://www.loc.gov/MARC21/slim" xmlns:cinclude="http://apache.org/cocoon/include/1.0" xmlns:zs="http://www.loc.gov/zing/srw/">
  <leader>00405cz  a2200133n  4500</leader>
  <controlfield tag="001">n  96039090 </controlfield>
  <controlfield tag="003">DLC</controlfield>
  <controlfield tag="005">20050209104914.0</controlfield>
  <controlfield tag="008">960422n| acannaabn          |n aaa      </controlfield>
  <datafield tag="010" ind1=" " ind2=" ">
    <subfield code="a">n  96039090 </subfield>
  </datafield>
  <datafield tag="040" ind1=" " ind2=" ">
    <subfield code="a">DLC</subfield>
    <subfield code="c">DLC</subfield>
    <subfield code="d">DLC</subfield>
  </datafield>
  <datafield tag="100" ind1="1" ind2=" ">
    <subfield code="a">Lauterbach, Leo,</subfield>
    <subfield code="d">1886-</subfield>
  </datafield>
  <datafield tag="670" ind1=" " ind2=" ">
    <subfield code="a">Supplement no. III to the Chronicle ... 1968:</subfield>
    <subfield code="b">t.p. (Leo Lauterbach)</subfield>
  </datafield>
  <datafield tag="670" ind1=" " ind2=" ">
    <subfield code="a">LC data base, 04-22-96</subfield>
    <subfield code="b">(hdg.: Lauterbach, Leo, 1886- )</subfield>
  </datafield>
</record>